%YAML 1.1
%TAG !u! tag:unity3d.com,2011:
--- !u!1 &1729015598732156483
GameObject:
  m_ObjectHideFlags: 0
  m_CorrespondingSourceObject: {fileID: 0}
  m_PrefabInstance: {fileID: 0}
  m_PrefabAsset: {fileID: 0}
  serializedVersion: 6
  m_Component:
  - component: {fileID: 2183124425478767660}
  - component: {fileID: 2703194734257794091}
  m_Layer: 0
  m_Name: Enemies
  m_TagString: Untagged
  m_Icon: {fileID: 0}
  m_NavMeshLayer: 0
  m_StaticEditorFlags: 0
  m_IsActive: 1
--- !u!4 &2183124425478767660
Transform:
  m_ObjectHideFlags: 0
  m_CorrespondingSourceObject: {fileID: 0}
  m_PrefabInstance: {fileID: 0}
  m_PrefabAsset: {fileID: 0}
  m_GameObject: {fileID: 1729015598732156483}
  m_LocalRotation: {x: -0, y: -0, z: -0, w: 1}
  m_LocalPosition: {x: 0, y: 0, z: 0}
  m_LocalScale: {x: 1, y: 1, z: 1}
  m_Children: []
  m_Father: {fileID: 7543341612428911441}
  m_RootOrder: 1
  m_LocalEulerAnglesHint: {x: 0, y: 0, z: 0}
--- !u!114 &2703194734257794091
MonoBehaviour:
  m_ObjectHideFlags: 0
  m_CorrespondingSourceObject: {fileID: 0}
  m_PrefabInstance: {fileID: 0}
  m_PrefabAsset: {fileID: 0}
  m_GameObject: {fileID: 1729015598732156483}
  m_Enabled: 1
  m_EditorHideFlags: 0
  m_Script: {fileID: 11500000, guid: 5a5480449b321cc4d8882bda5be289a9, type: 3}
  m_Name: 
  m_EditorClassIdentifier: 
  _Enemies: []
  _SleepingEnemies: []
  _NotSoSleepingEnemies: []
--- !u!1 &3755019709085252355
GameObject:
  m_ObjectHideFlags: 0
  m_CorrespondingSourceObject: {fileID: 0}
  m_PrefabInstance: {fileID: 0}
  m_PrefabAsset: {fileID: 0}
  serializedVersion: 6
  m_Component:
  - component: {fileID: 7855057023616300138}
  - component: {fileID: 2745046918843616650}
  - component: {fileID: 6096616004598546971}
  m_Layer: 0
  m_Name: Units
  m_TagString: Untagged
  m_Icon: {fileID: 0}
  m_NavMeshLayer: 0
  m_StaticEditorFlags: 0
  m_IsActive: 1
--- !u!4 &7855057023616300138
Transform:
  m_ObjectHideFlags: 0
  m_CorrespondingSourceObject: {fileID: 0}
  m_PrefabInstance: {fileID: 0}
  m_PrefabAsset: {fileID: 0}
  m_GameObject: {fileID: 3755019709085252355}
  m_LocalRotation: {x: -0, y: -0, z: -0, w: 1}
  m_LocalPosition: {x: 0, y: 0, z: 0}
  m_LocalScale: {x: 1, y: 1, z: 1}
  m_Children: []
  m_Father: {fileID: 7543341612428911441}
  m_RootOrder: 0
  m_LocalEulerAnglesHint: {x: 0, y: 0, z: 0}
--- !u!114 &2745046918843616650
MonoBehaviour:
  m_ObjectHideFlags: 0
  m_CorrespondingSourceObject: {fileID: 0}
  m_PrefabInstance: {fileID: 0}
  m_PrefabAsset: {fileID: 0}
  m_GameObject: {fileID: 3755019709085252355}
  m_Enabled: 1
  m_EditorHideFlags: 0
  m_Script: {fileID: 11500000, guid: 639deb815d09a9b49bec4cc6a7dacbc9, type: 3}
  m_Name: 
  m_EditorClassIdentifier: 
  CurrentUpgrades:
    Armor:
    - Name: Wooden Armor
      Health: 3
      UpgradeInfo: Increases bla to bla
      Image: sword1
      Cost:
        Dirt: 100
        Stone: 50
        Tin: 0
        Copper: 0
        Iron: 0
        Silver: 0
        Gold: 0
        Platinum: 0
        Obsidian: 0
        Diamond: 0
    - Name: Tin Armor
      Health: 5
      UpgradeInfo: Increases bla to bla
      Image: sword1
      Cost:
        Dirt: 0
        Stone: 100
        Tin: 50
        Copper: 0
        Iron: 0
        Silver: 0
        Gold: 0
        Platinum: 0
        Obsidian: 0
        Diamond: 0
    - Name: Tin Armor v2
      Health: 6
      UpgradeInfo: Increases bla to bla
      Image: sword1
      Cost:
        Dirt: 0
        Stone: 300
        Tin: 200
        Copper: 0
        Iron: 0
        Silver: 0
        Gold: 0
        Platinum: 0
        Obsidian: 0
        Diamond: 0
    Inventory:
    - Name: Leaf bag
      Slots: 10
      UpgradeInfo: Increases bla to bla
      Image: Leafbag
      Cost:
        Dirt: 100
        Stone: 0
        Tin: 0
        Copper: 0
        Iron: 0
        Silver: 0
        Gold: 0
        Platinum: 0
        Obsidian: 0
        Diamond: 0
    - Name: Cloth bag
      Slots: 15
      UpgradeInfo: Increases bla to bla
      Image: Clothbag
      Cost:
        Dirt: 300
        Stone: 100
        Tin: 50
        Copper: 0
        Iron: 0
        Silver: 0
        Gold: 0
        Platinum: 0
        Obsidian: 0
        Diamond: 0
    - Name: Leather bag
      Slots: 20
      UpgradeInfo: Increases bla to bla
      Image: Leatherbag
      Cost:
        Dirt: 300
        Stone: 250
        Tin: 150
        Copper: 0
        Iron: 0
        Silver: 0
        Gold: 0
        Platinum: 0
        Obsidian: 0
        Diamond: 0
    Pickaxe:
    - Name: Stone Pickaxe
      Speed: 1
      Damage: 3
      UpgradeInfo: Increases bla to bl
      Image: sword1
      Cost:
        Dirt: 500
        Stone: 100
        Tin: 0
        Copper: 0
        Iron: 0
        Silver: 0
        Gold: 0
        Platinum: 0
        Obsidian: 0
        Diamond: 0
    - Name: Tin Pickaxe
      Speed: 2
      Damage: 4
      UpgradeInfo: Increases bla to bla
      Image: sword1
      Cost:
        Dirt: 500
        Stone: 300
        Tin: 150
        Copper: 0
        Iron: 0
        Silver: 0
        Gold: 0
        Platinum: 0
        Obsidian: 0
        Diamond: 0
    - Name: Tin Pickaxev2
      Speed: 3
      Damage: 6
      UpgradeInfo: Increases bla to bla
      Image: sword1
      Cost:
        Dirt: 1000
        Stone: 600
        Tin: 300
        Copper: 0
        Iron: 0
        Silver: 0
        Gold: 0
        Platinum: 0
        Obsidian: 0
        Diamond: 0
    Sword:
    - Name: Sharp Knife
      Speed: 1
      Damage: 1
      UpgradeInfo: Increases bla to bla
      Image: sword1
      Cost:
        Dirt: 0
        Stone: 200
        Tin: 0
        Copper: 0
        Iron: 0
        Silver: 0
        Gold: 0
        Platinum: 0
        Obsidian: 0
        Diamond: 0
    - Name: Rusty Sword
      Speed: 2
      Damage: 3
      UpgradeInfo: Increases bla to bla
      Image: sword1
      Cost:
        Dirt: 600
        Stone: 400
        Tin: 100
        Copper: 0
        Iron: 0
        Silver: 0
        Gold: 0
        Platinum: 0
        Obsidian: 0
        Diamond: 0
    - Name: Jagged Sword
      Speed: 2
      Damage: 4
      UpgradeInfo: Increases bla to bla
      Image: sword1
      Cost:
        Dirt: 0
        Stone: 800
        Tin: 500
        Copper: 0
        Iron: 0
        Silver: 0
        Gold: 0
        Platinum: 0
        Obsidian: 0
        Diamond: 0
    iArmor: 0
    iInventory: 0
    iPickaxe: 0
    iSword: 0
  _Units: []
  SpawnTimer: 15
  UpgradesTextAsset: {fileID: 4900000, guid: 32518a07d9aa1da43a6693985dc667cd, type: 3}
  PrintNewUpgradesJSON: 0
--- !u!114 &6096616004598546971
MonoBehaviour:
  m_ObjectHideFlags: 0
  m_CorrespondingSourceObject: {fileID: 0}
  m_PrefabInstance: {fileID: 0}
  m_PrefabAsset: {fileID: 0}
  m_GameObject: {fileID: 3755019709085252355}
  m_Enabled: 1
  m_EditorHideFlags: 0
  m_Script: {fileID: 11500000, guid: d43402193ed8df849bf2d894111f88a7, type: 3}
  m_Name: 
  m_EditorClassIdentifier: 
  InventoryScreen: {fileID: 0}
  UnitBaseCount: 5
  HouseCount: 0
  CurrentBuyMode: 0
  BarracsIncreasesMaxUnitCoutBy: 2
  BarrackCostText: {fileID: 0}
  StoneCount: 0
  TinCount: 0
  DirtCount: 0
  CopperCount: 0
  DiamondCount: 0
  IronCount: 0
  PlatinumCount: 0
  GoldCount: 0
  ObsidianCount: 0
  SilverCount: 0
  BarrackRockCost: 50
--- !u!1 &5253595281300934092
GameObject:
  m_ObjectHideFlags: 0
  m_CorrespondingSourceObject: {fileID: 0}
  m_PrefabInstance: {fileID: 0}
  m_PrefabAsset: {fileID: 0}
  serializedVersion: 6
  m_Component:
  - component: {fileID: 3652074150692987156}
  - component: {fileID: 2981159745784115545}
  - component: {fileID: 2431365168244599403}
  - component: {fileID: 5773835232167668252}
  - component: {fileID: 4765081088745609211}
  - component: {fileID: 6079461381493659558}
  - component: {fileID: 4628800446529874597}
  m_Layer: 8
  m_Name: Tilemap
  m_TagString: Untagged
  m_Icon: {fileID: 0}
  m_NavMeshLayer: 0
  m_StaticEditorFlags: 0
  m_IsActive: 1
--- !u!4 &3652074150692987156
Transform:
  m_ObjectHideFlags: 0
  m_CorrespondingSourceObject: {fileID: 0}
  m_PrefabInstance: {fileID: 0}
  m_PrefabAsset: {fileID: 0}
  m_GameObject: {fileID: 5253595281300934092}
  m_LocalRotation: {x: -0, y: -0, z: -0, w: 1}
  m_LocalPosition: {x: 0, y: 0, z: 0}
  m_LocalScale: {x: 1, y: 1, z: 1}
  m_Children: []
  m_Father: {fileID: 7543341612428911441}
  m_RootOrder: 2
  m_LocalEulerAnglesHint: {x: 0, y: 0, z: 0}
--- !u!114 &2981159745784115545
MonoBehaviour:
  m_ObjectHideFlags: 0
  m_CorrespondingSourceObject: {fileID: 0}
  m_PrefabInstance: {fileID: 0}
  m_PrefabAsset: {fileID: 0}
  m_GameObject: {fileID: 5253595281300934092}
  m_Enabled: 1
  m_EditorHideFlags: 0
  m_Script: {fileID: 11500000, guid: b251d8dbc7a67e741b5efe953cf0823f, type: 3}
  m_Name: 
  m_EditorClassIdentifier: 
  RemaningMinable: 0
  LevelTileSpawns:
  - TileSpawnChanges:
    - Tiletype: 0
      Chance: 2
    - Tiletype: 3
      Chance: 10
    - Tiletype: 2
      Chance: 40
    - Tiletype: 1
      Chance: 100
    EnemyHealthMin: 10
    EnemyHealthMax: 15
    EnemyDamageMin: 4
    EnemyDamageMax: 5
  - TileSpawnChanges:
    - Tiletype: 0
      Chance: 2
    - Tiletype: 4
      Chance: 10
    - Tiletype: 3
      Chance: 30
    - Tiletype: 1
      Chance: 70
    - Tiletype: 2
      Chance: 100
    EnemyHealthMin: 15
    EnemyHealthMax: 20
    EnemyDamageMin: 10
    EnemyDamageMax: 15
  - TileSpawnChanges:
    - Tiletype: 0
      Chance: 2
    - Tiletype: 5
      Chance: 10
    - Tiletype: 4
      Chance: 40
    - Tiletype: 3
      Chance: 80
    - Tiletype: 1
      Chance: 20
    EnemyHealthMin: 3
    EnemyHealthMax: 6
    EnemyDamageMin: 3
    EnemyDamageMax: 6
  CurrentLayer: 0
  maxX: 100
  maxY: 182
  Units: {fileID: 7855057023616300138}
  Enemies: {fileID: 2183124425478767660}
  _AstarPath: {fileID: 4801854396660363716}
  HomePos: {x: 0, y: 0, z: 0}
  _Grid: {fileID: 2431365168244599403}
  RandomSeed: 50
  RemaningText: {fileID: 0}
  FloorText: {fileID: 0}
  MapText: {fileID: 0}
  HighestReachedFloor: 0
  HighestReachedFloor_MapsCompleated: 0
  NextFloorButton: {fileID: 0}
  DirtHealth: 5
  RockHealth: 10
  TinHealth: 25
  CopperHealth: 50
  IronHealth: 100
  SilverHealth: 250
  GoldHealth: 500
  PlatinumHealth: 1000
  ObsidianHealth: 2500
  DiamondHealth: 5000
  SpawnEnemies: 1
--- !u!1839735485 &2431365168244599403
Tilemap:
  m_ObjectHideFlags: 0
  m_CorrespondingSourceObject: {fileID: 0}
  m_PrefabInstance: {fileID: 0}
  m_PrefabAsset: {fileID: 0}
  m_GameObject: {fileID: 5253595281300934092}
  m_Enabled: 1
  m_Tiles: {}
  m_AnimatedTiles: {}
  m_TileAssetArray: []
  m_TileSpriteArray: []
  m_TileMatrixArray: []
  m_TileColorArray: []
  m_AnimationFrameRate: 1
  m_Color: {r: 1, g: 1, b: 1, a: 1}
  m_Origin: {x: 0, y: 0, z: 0}
  m_Size: {x: 0, y: 0, z: 1}
  m_TileAnchor: {x: 0, y: 0, z: 0}
  m_TileOrientation: 0
  m_TileOrientationMatrix:
    e00: 1
    e01: 0
    e02: 0
    e03: 0
    e10: 0
    e11: 1
    e12: 0
    e13: 0
    e20: 0
    e21: 0
    e22: 1
    e23: 0
    e30: 0
    e31: 0
    e32: 0
    e33: 1
--- !u!483693784 &5773835232167668252
TilemapRenderer:
  m_ObjectHideFlags: 0
  m_CorrespondingSourceObject: {fileID: 0}
  m_PrefabInstance: {fileID: 0}
  m_PrefabAsset: {fileID: 0}
  m_GameObject: {fileID: 5253595281300934092}
  m_Enabled: 1
  m_CastShadows: 0
  m_ReceiveShadows: 0
  m_DynamicOccludee: 1
  m_MotionVectors: 1
  m_LightProbeUsage: 0
  m_ReflectionProbeUsage: 0
  m_RenderingLayerMask: 1
  m_RendererPriority: 0
  m_Materials:
  - {fileID: 10754, guid: 0000000000000000f000000000000000, type: 0}
  m_StaticBatchInfo:
    firstSubMesh: 0
    subMeshCount: 0
  m_StaticBatchRoot: {fileID: 0}
  m_ProbeAnchor: {fileID: 0}
  m_LightProbeVolumeOverride: {fileID: 0}
  m_ScaleInLightmap: 1
  m_PreserveUVs: 0
  m_IgnoreNormalsForChartDetection: 0
  m_ImportantGI: 0
  m_StitchLightmapSeams: 0
  m_SelectedEditorRenderState: 0
  m_MinimumChartSize: 4
  m_AutoUVMaxDistance: 0.5
  m_AutoUVMaxAngle: 89
  m_LightmapParameters: {fileID: 0}
  m_SortingLayerID: 0
  m_SortingLayer: 0
  m_SortingOrder: 0
  m_ChunkSize: {x: 32, y: 32, z: 32}
  m_ChunkCullingBounds: {x: 0, y: 0, z: 0}
  m_MaxChunkCount: 16
  m_MaxFrameAge: 16
  m_SortOrder: 0
  m_Mode: 0
  m_DetectChunkCullingBounds: 0
  m_MaskInteraction: 0
--- !u!50 &4765081088745609211
Rigidbody2D:
  serializedVersion: 4
  m_ObjectHideFlags: 0
  m_CorrespondingSourceObject: {fileID: 0}
  m_PrefabInstance: {fileID: 0}
  m_PrefabAsset: {fileID: 0}
  m_GameObject: {fileID: 5253595281300934092}
  m_BodyType: 2
  m_Simulated: 1
  m_UseFullKinematicContacts: 0
  m_UseAutoMass: 0
  m_Mass: 1
  m_LinearDrag: 0
  m_AngularDrag: 0.05
  m_GravityScale: 1
  m_Material: {fileID: 0}
  m_Interpolate: 0
  m_SleepingMode: 1
  m_CollisionDetection: 0
  m_Constraints: 0
--- !u!19719996 &6079461381493659558
TilemapCollider2D:
  m_ObjectHideFlags: 0
  m_CorrespondingSourceObject: {fileID: 0}
  m_PrefabInstance: {fileID: 0}
  m_PrefabAsset: {fileID: 0}
  m_GameObject: {fileID: 5253595281300934092}
  m_Enabled: 1
  m_Density: 1
  m_Material: {fileID: 0}
  m_IsTrigger: 0
  m_UsedByEffector: 0
  m_UsedByComposite: 1
  m_Offset: {x: 0, y: 0}
--- !u!66 &4628800446529874597
CompositeCollider2D:
  m_ObjectHideFlags: 0
  m_CorrespondingSourceObject: {fileID: 0}
  m_PrefabInstance: {fileID: 0}
  m_PrefabAsset: {fileID: 0}
  m_GameObject: {fileID: 5253595281300934092}
  m_Enabled: 1
  m_Density: 1
  m_Material: {fileID: 0}
  m_IsTrigger: 0
  m_UsedByEffector: 0
  m_UsedByComposite: 0
  m_Offset: {x: 0, y: 0}
  m_GeometryType: 1
  m_GenerationType: 0
  m_EdgeRadius: 0
  m_ColliderPaths:
  - m_Collider: {fileID: 6079461381493659558}
    m_ColliderPaths: []
  m_CompositePaths:
    m_Paths: []
  m_VertexDistance: 0.0005
--- !u!1 &7543341612428911442
GameObject:
  m_ObjectHideFlags: 0
  m_CorrespondingSourceObject: {fileID: 0}
  m_PrefabInstance: {fileID: 0}
  m_PrefabAsset: {fileID: 0}
  serializedVersion: 6
  m_Component:
  - component: {fileID: 7543341612428911441}
  - component: {fileID: 173197262976408906}
  - component: {fileID: 4801854396660363716}
  - component: {fileID: 6075197578654850071}
  m_Layer: 0
  m_Name: Grid
  m_TagString: Untagged
  m_Icon: {fileID: 0}
  m_NavMeshLayer: 0
  m_StaticEditorFlags: 0
  m_IsActive: 1
--- !u!4 &7543341612428911441
Transform:
  m_ObjectHideFlags: 0
  m_CorrespondingSourceObject: {fileID: 0}
  m_PrefabInstance: {fileID: 0}
  m_PrefabAsset: {fileID: 0}
  m_GameObject: {fileID: 7543341612428911442}
  m_LocalRotation: {x: 0, y: 0, z: 0, w: 1}
  m_LocalPosition: {x: 0, y: 0, z: 0}
  m_LocalScale: {x: 1, y: 1, z: 1}
  m_Children:
  - {fileID: 7855057023616300138}
  - {fileID: 2183124425478767660}
  - {fileID: 3652074150692987156}
  m_Father: {fileID: 0}
  m_RootOrder: 0
  m_LocalEulerAnglesHint: {x: 0, y: 0, z: 0}
--- !u!114 &173197262976408906
MonoBehaviour:
  m_ObjectHideFlags: 0
  m_CorrespondingSourceObject: {fileID: 0}
  m_PrefabInstance: {fileID: 0}
  m_PrefabAsset: {fileID: 0}
  m_GameObject: {fileID: 7543341612428911442}
  m_Enabled: 1
  m_EditorHideFlags: 0
  m_Script: {fileID: 11500000, guid: d4a64ab67cb2cfb42b58741b7b3d38d9, type: 3}
  m_Name: 
  m_EditorClassIdentifier: 
  prefabs:
  - name: unit
    prefabGameObject: {fileID: 7500908293448327345, guid: f1d32b03f8972c44fb821415fa744e0d,
      type: 3}
  - name: enemy
    prefabGameObject: {fileID: 7542907761860529481, guid: e28fedb90c102b9498a39d8baa66d2e8,
      type: 3}
  - name: upgradebox
    prefabGameObject: {fileID: 6153318730671351951, guid: 1958ad496bd253c4db524e65c532c7a4,
      type: 3}
  - name: unitstatusbox
    prefabGameObject: {fileID: 2881967712450573634, guid: 5878957a7ce8f134d89120b951c692e1,
      type: 3}
  - name: logobject
    prefabGameObject: {fileID: 4898190389438662421, guid: 2e6adf80409d3774a869fa47baf48b41,
      type: 3}
  - name: home
    prefabGameObject: {fileID: 8482474376095990545, guid: 3d75a0066f0bbd2419dea7ee703dab0a,
      type: 3}
  sprites:
  - name: Dirt1
    SpriteObject: {fileID: 21300000, guid: 21a0904c455205e48bc78c5fbd458f54, type: 3}
  - name: Rock
    SpriteObject: {fileID: 21300000, guid: e1369d7437d80e44db393a43e07823b2, type: 3}
  - name: tin1
    SpriteObject: {fileID: 21300000, guid: b616cf6db2007ec4cbe0f079aa0e05c5, type: 3}
  - name: ground1
    SpriteObject: {fileID: 21300000, guid: 735123e4baf1a4c449917e695b2fc941, type: 3}
  - name: home
    SpriteObject: {fileID: 21300000, guid: bf3b6d49d7a987c43846bc02f317643e, type: 3}
  - name: Dirt2
    SpriteObject: {fileID: 21300000, guid: 8e5ac61183505a84e89a623de8435440, type: 3}
  - name: dirt3
    SpriteObject: {fileID: 21300000, guid: 4fdf5f66d3c3f8745a50fe0036329e58, type: 3}
  - name: ground2
    SpriteObject: {fileID: 21300000, guid: 846fbd2c9584e084cb7e6f0e95c0aebd, type: 3}
  - name: ground3
    SpriteObject: {fileID: 21300000, guid: faa89858247d30242954987d713c8d01, type: 3}
  - name: ground4
    SpriteObject: {fileID: 21300000, guid: 025f17f1bf745d5458bbf4c3f235edf4, type: 3}
  - name: tin2
    SpriteObject: {fileID: 21300000, guid: a2a51a62bb5300d4dafd9ad866df374f, type: 3}
  - name: tin3
    SpriteObject: {fileID: 21300000, guid: d82fb491dc123ec41b1ee4126224bdc9, type: 3}
  - name: tinpickaxeicon
    SpriteObject: {fileID: 21300000, guid: 1422cb16451a3bf45a49ad355e6c8146, type: 3}
  - name: Stonepickaxeicon
    SpriteObject: {fileID: 21300000, guid: 2ee73d7cc4e471a40b86c7929388f24a, type: 3}
  - name: Copperpickaxeicon
    SpriteObject: {fileID: 21300000, guid: b8fa5faf930380247b8f702a35d600db, type: 3}
  - name: Silverpickaxeicon
    SpriteObject: {fileID: 21300000, guid: 25ea7ff5e86491b43a8057c75ed65b07, type: 3}
  - name: Goldpickaxeicon
    SpriteObject: {fileID: 21300000, guid: b6af56f3d09c50f43a937cf9a6ba60f1, type: 3}
  - name: Platinumpickaxeicon
    SpriteObject: {fileID: 21300000, guid: 305f1cad81378124da466fdbf8d3d5a5, type: 3}
  - name: Obsidiumpickaxeicon
    SpriteObject: {fileID: 21300000, guid: 4181b26ae44713f47a106b86348db9df, type: 3}
  - name: SharpKnife
    SpriteObject: {fileID: 21300000, guid: 6e0c4f8b8a50d9c479732fed6267b153, type: 3}
  - name: RustySword
    SpriteObject: {fileID: 21300000, guid: 2c0922ccff002d143ac7c0fd4f638008, type: 3}
  - name: Jaggedsword
    SpriteObject: {fileID: 21300000, guid: 2075e5daa691595498218dd65f6ff4f0, type: 3}
  - name: Tinsword
    SpriteObject: {fileID: 21300000, guid: 90f8e112647d92b489bc0a00195f38e3, type: 3}
  - name: Coppersword
    SpriteObject: {fileID: 21300000, guid: ea0209c5d620ee7449a02e86c378cf64, type: 3}
  - name: Silversword
    SpriteObject: {fileID: 21300000, guid: efb4385565adcdb43b20a901edf09f70, type: 3}
  - name: Goldsword
    SpriteObject: {fileID: 21300000, guid: 868e252732620344d9fda9d617182e36, type: 3}
  - name: Platinumsword
    SpriteObject: {fileID: 21300000, guid: d2ba416fee5a4224885be13d8be964b0, type: 3}
  - name: Obsidiumsword
    SpriteObject: {fileID: 21300000, guid: 9ac995bb053ca874297e6c1eaf368f91, type: 3}
  - name: Woodenarmor
    SpriteObject: {fileID: 21300000, guid: 9a1149928c01d854690a96104f1cff30, type: 3}
  - name: Tinarmor
    SpriteObject: {fileID: 21300000, guid: f2c7be6ba9fd88d46b9a339acb7a803c, type: 3}
  - name: Copperarmor
    SpriteObject: {fileID: 21300000, guid: fa67a66627160b1489146677d2165a7f, type: 3}
  - name: Silverarmor
    SpriteObject: {fileID: 21300000, guid: 3a8c3dc235565d043932748f1c7cec3a, type: 3}
  - name: Goldarmor
    SpriteObject: {fileID: 21300000, guid: 6fb6965f7d431b64ea9abd4832d355fa, type: 3}
  - name: Platinumarmor
    SpriteObject: {fileID: 21300000, guid: 097ad613ea2f9fd44af85c5af0d795b1, type: 3}
  - name: Obsidiumarmor
    SpriteObject: {fileID: 21300000, guid: a6c51524117a2524ea414a3e4cdbdda3, type: 3}
  - name: Copper1
    SpriteObject: {fileID: 21300000, guid: f8d976917ef774e42ad12fcdb1db8515, type: 3}
  - name: Copper2
    SpriteObject: {fileID: 21300000, guid: 6431887654da998418ad33f720414e58, type: 3}
  - name: Copper3
    SpriteObject: {fileID: 21300000, guid: f72ae20f4c4052f458385212a5d6f943, type: 3}
  - name: Iron1
    SpriteObject: {fileID: 21300000, guid: 2c846a051abb2c04eaa690ac44db857c, type: 3}
  - name: Iron2
    SpriteObject: {fileID: 21300000, guid: dc25186da87298d43b6672627dea5adc, type: 3}
  - name: Iron3
    SpriteObject: {fileID: 21300000, guid: 40976e8517a3f944a9c4411071c43aa6, type: 3}
  - name: Silver1
    SpriteObject: {fileID: 21300000, guid: 509573ad910aa5b48ace7e8b2e536b6c, type: 3}
  - name: Silver2
    SpriteObject: {fileID: 21300000, guid: ae393c7edce4e5744a46d9282f3fae87, type: 3}
  - name: Silver3
    SpriteObject: {fileID: 21300000, guid: 911471a5dbada1a40885f74abe0b32bf, type: 3}
  - name: Gold1
    SpriteObject: {fileID: 21300000, guid: 33f85ed89c92440439d5e123fb22ce07, type: 3}
  - name: Gold2
    SpriteObject: {fileID: 21300000, guid: f935afa8e42b9bd489cf0461827b908d, type: 3}
  - name: Gold3
    SpriteObject: {fileID: 21300000, guid: be230d564e5c96a43af84b71b4f09b2e, type: 3}
  - name: Platinum1
    SpriteObject: {fileID: 21300000, guid: a813ff215f316374b849595e28c5ed3e, type: 3}
  - name: Platinum2
    SpriteObject: {fileID: 21300000, guid: f7cf4b606e0592d47b76c0a98ede5665, type: 3}
  - name: Platinum3
    SpriteObject: {fileID: 21300000, guid: e666414cc7d426f4e8d42bba60ff14c3, type: 3}
  - name: Obsidium1
    SpriteObject: {fileID: 21300000, guid: f16354d4133fbfe40b2f767d3815749b, type: 3}
  - name: Obsidium2
    SpriteObject: {fileID: 21300000, guid: 2ba98a8f7526e09458d447539ac9d942, type: 3}
  - name: Obsidium3
    SpriteObject: {fileID: 21300000, guid: 5b8900f672c4b9b42904dfb0edacd4d5, type: 3}
  - name: Wagon
    SpriteObject: {fileID: 21300000, guid: 5e97eaa65895ab84e84df8fc2ebfc816, type: 3}
  - name: OldWagon
    SpriteObject: {fileID: 21300000, guid: e669762018d9e7d4b9238d53c1c76ba7, type: 3}
  - name: Leafbag
    SpriteObject: {fileID: 21300000, guid: fef2d59d0df51d54fb3634d7f5bdd1ea, type: 3}
  - name: Clothbag
    SpriteObject: {fileID: 21300000, guid: fe3540f2236a29b4d953f283f7bbfbe6, type: 3}
  - name: Leatherbag
    SpriteObject: {fileID: 21300000, guid: 4bda8fe6b1d37584d821e2c1aca0698f, type: 3}
--- !u!114 &4801854396660363716
MonoBehaviour:
  m_ObjectHideFlags: 0
  m_CorrespondingSourceObject: {fileID: 0}
  m_PrefabInstance: {fileID: 0}
  m_PrefabAsset: {fileID: 0}
  m_GameObject: {fileID: 7543341612428911442}
  m_Enabled: 1
  m_EditorHideFlags: 0
  m_Script: {fileID: 11500000, guid: 78396926cbbfc4ac3b48fc5fc34a87d1, type: 3}
  m_Name: 
  m_EditorClassIdentifier: 
  version: 1
  data:
    dataString: UEsDBBQAAAgIAAAIIewmbIV4mAIAAIkFAAALACQAZ3JhcGgwLmpzb24KACAAAAAAAAEAGAAAgD7V3rGdAQCAPtXesZ0BAIA+1d6xnQF1VN9v2jAQ/leQn0cVGGRlbxtQukltUdnUh6UPxr4QC8eO/KNAK/73np1AUrZJkWLffXf+vruz34hQtgLmtFkYwe80B/K1R8KafOq1zlvY041WK/EKJ8yT4K4IIBoxj9QJjfZBCLO6BGcE+6Y2MoATNHolcm3KOd/AVFtn0ZxTaQFdRrsQrdD01iN7/PUnIeTQhL6Gf++IKwbKgWlxo8nVuAFOkrhssV4xScsKeGDdhgySU+rB9TACFSpqMIE901IK29Ah7lBFuY/0EMRyQVFapBCwBYhN4XAz7AY+5LkF15A39DATBitUZyTfdV22ktptzeqFSh/OGI7TyKdOeveXvz+I7tzo8vZ0bq3GFYJtkSGj1nXq2jXPPhL3akfllq4lPBWg7vXCaK84Op3xIdRbGM7a7VnatAC2be011Qujr9pqn2o9vpqkySgdz/vJddOlIOcYC7GfSlGuGzRuV1LHoschAIPt+YHM44jYBoXWQOe3hV90052lxnEjjHXoauSqwHOtvQlQcoOL0ALm3VQbBaaboAJFpTssMY277OWF7/9RNzTcmubwxne6DBch0dzik+TCtdS7tmsWfvqyWmqh3AqoYUUnny307g5s8eCdFAouPPdYxalWqh5E+4+4lTc5ZdD20cHeeQMz6mi8CkgK54V3Q7GQMUJ5KcNoRhkh+R+UEb7nUOaC4rkymsm9Rmpo/PB/DnOw8YJ/HHiSMjpJks8JpMNRisn7CcBwzUYDlqTX/Mt4TOKNEAqLTuWyrlrTKxwh1WpROP2nl623MLSKd5AbuluI11LbFilUrlfMAKiHOsNZLBg8BN8JPucCZa7AOaHi8JG3jEjNtsCzc6IsFna+d4ZmbZaMVOJFu2DJyDS+Zhk5kuM7UEsDBBQAAAgIAAAIIexhgLm3bAAAAHcAAAAJACQAbWV0YS5qc29uCgAgAAAAAAABABgAAIA+1d6xnQEAgD7V3rGdAQCAPtXesZ0Bq1YqSy0qzszPU7JSMNEz0jPVUVBKL0osyCgGChiCOKWZKSB2tJJZcqKlgYGxQaqZkYlZWmKyrkFqqlFSsolhsoGZRYq5qalSLFB9SWVBql9ibipET0BiSUZaZl5KZl66nntRZoo7yGil2FoAUEsBAi0AFAAACAgAAAgh7CZshXiYAgAAiQUAAAsAJAAAAAAAAAAAAAAAAAAAAGdyYXBoMC5qc29uCgAgAAAAAAABABgAAIA+1d6xnQEAgD7V3rGdAQCAPtXesZ0BUEsBAi0AFAAACAgAAAgh7GGAubdsAAAAdwAAAAkAJAAAAAAAAAAAAAAA5QIAAG1ldGEuanNvbgoAIAAAAAAAAQAYAACAPtXesZ0BAIA+1d6xnQEAgD7V3rGdAVBLBQYAAAAAAgACALgAAACcAwAAAAA=
    upgradeData: 
    file_cachedStartup: {fileID: 0}
    data_cachedStartup: 
    cacheStartup: 0
  showNavGraphs: 1
  showUnwalkableNodes: 0
  debugMode: 0
  debugFloor: 0
  debugRoof: 1
  manualDebugFloorRoof: 0
  showSearchTree: 0
  unwalkableNodeDebugSize: 0.5
  logPathResults: 0
  maxNearestNodeDistance: 100
  scanOnStartup: 0
  fullGetNearestSearch: 0
  prioritizeGraphs: 0
  prioritizeGraphsLimit: 1
  colorSettings:
    _SolidColor: {r: 0.11764706, g: 0.4, b: 0.7882353, a: 0.9}
    _UnwalkableNode: {r: 1, g: 0, b: 0, a: 0.5}
    _BoundsHandles: {r: 0.29, g: 0.454, b: 0.741, a: 0.9}
    _ConnectionLowLerp: {r: 0, g: 1, b: 0, a: 0.5}
    _ConnectionHighLerp: {r: 1, g: 0, b: 0, a: 0.5}
    _MeshEdgeColor: {r: 0, g: 0, b: 0, a: 0.5}
    _AreaColors: []
  tagNames:
  - Basic Ground
  - 1
  - 2
  - 3
  - 4
  - 5
  - 6
  - 7
  - 8
  - 9
  - 10
  - 11
  - 12
  - 13
  - 14
  - 15
  - 16
  - 17
  - 18
  - 19
  - 20
  - 21
  - 22
  - 23
  - 24
  - 25
  - 26
  - 27
  - 28
  - 29
  - 30
  - 31
  heuristic: 1
  heuristicScale: 1
  threadCount: 0
  maxFrameTime: 1
  batchGraphUpdates: 0
  graphUpdateBatchingInterval: 0.2
  euclideanEmbedding:
    mode: 0
    seed: 0
    pivotPointRoot: {fileID: 0}
    spreadOutCount: 1
  showGraphs: 1
--- !u!156049354 &6075197578654850071
Grid:
  m_ObjectHideFlags: 0
  m_CorrespondingSourceObject: {fileID: 0}
  m_PrefabInstance: {fileID: 0}
  m_PrefabAsset: {fileID: 0}
  m_GameObject: {fileID: 7543341612428911442}
  m_Enabled: 1
  m_CellSize: {x: 1, y: 1, z: 1}
  m_CellGap: {x: 0, y: 0, z: 0}
  m_CellLayout: 0
  m_CellSwizzle: 0
